001  0000082
005  20170527135231.590
008  170527s||||     bl|||||||||||||||||por|u
020    $a9788570633514
040    $aPorto Alegre$bpor
100 1  $aOliveira, Silveira
245 10 $aOliveira Silveira$bobra reunida$cOliveira Silveira
260    $aPorto Alegre$bCorag$c2012
300    $a370 p.$bil.
600 0  $aOliveira Silveira
650    $aLiteratura Rio-grandense
650    $aPalmares
650    $aBanzo
650    $aOrixás
650    $aPoesia
651    $aRio Grande do Sul
